@inproceedings{Wobbrock09,
 author = {Wobbrock, Jacob O. and Morris, Meredith Ringel and Wilson, Andrew D.},
 title = {User-defined gestures for surface computing},
 booktitle = {Proceedings of the SIGCHI Conference on Human Factors in Computing Systems},
 series = {CHI '09},
 year = {2009},
 pages = {1083--1092},
} 

@article{Oka02,
Author = {Oka, Kenji and Sato, Yoichi and Koike, Hideki},
Journal = {IEEE Computer Graphics and Applications},
Keywords = {augmented\_reality, computer\_vision, finger\_tracking, fundamentals, gestures, hardware, image\_segmentation, metaphors, multi-touch, optical\_recognition, real-time, selection\_techniques, tabletop, user\_interface},
Number = {6},
Pages = {64--71},
Publisher = {IEEE Computer Society},
Title = {Real-Time Fingertip Tracking and Gesture Recognition},
Volume = {22},
Year = {2002}}

@inproceedings{wang06,
  title={Hidden conditional random fields for gesture recognition},
  author={Wang, S.B. and Quattoni, A. and Morency, L.P. and Demirdjian, D. and Darrell, T.},
  booktitle={Computer Vision and Pattern Recognition, 2006 IEEE Computer Society Conference on},
  volume={2},
  pages={1521--1527},
  year={2006},
  organization={IEEE}
}

@inproceedings{morency07,
  title={Latent-dynamic discriminative models for continuous gesture recognition},
  author={Morency, L.P. and Quattoni, A. and Darrell, T.},
  booktitle={Computer Vision and Pattern Recognition, 2007. CVPR'07. IEEE Conference on},
  pages={1--8},
  year={2007},
  organization={Ieee}
}

@inproceedings{Malik05,
 author = {Malik, Shahzad and Ranjan, Abhishek and Balakrishnan, Ravin},
 title = {Interacting with large displays from a distance with vision-tracked multi-finger gestural input},
 booktitle = {Proceedings of the 18th annual ACM symposium on User interface software and technology},
 series = {UIST '05},
 year = {2005},
 pages = {43--52}
} 

@inproceedings{Morris06,
 author = {Morris, Meredith Ringel and Huang, Anqi and Paepcke, Andreas and Winograd, Terry},
 title = {Cooperative gestures: multi-user gestural interactions for co-located groupware},
 booktitle = {Proceedings of the SIGCHI Conference on Human Factors in Computing Systems},
 series = {CHI '06},
 year = {2006},
 pages = {1201--1210},
 publisher = {ACM},
} 

@inproceedings{Rekimoto02,
 author = {Rekimoto, Jun},
 title = {SmartSkin: an infrastructure for freehand manipulation on interactive surfaces},
 booktitle = {Proceedings of the SIGCHI Conference on Human Factors in Computing Systems},
 series = {CHI '02},
 year = {2002},
 pages = {113--120}
} 

@inproceedings{Tse06,
 author = {Tse, Edward and Shen, Chia and Greenberg, Saul and Forlines, Clifton},
 title = {Enabling interaction with single user applications through speech and gestures on a multi-user tabletop},
 booktitle = {Proceedings of the working conference on Advanced visual interfaces},
 series = {AVI '06},
 year = {2006},
 pages = {336--343},
} 

@article{Pavlovic97,
Author = {Vladimir I. Pavlovic and Rajeev Sharma and Thomas S. Huang},
Journal = {IEEE Transactions on Pattern Analysis and Machine Intelligence},
Pages = {677--695},
Title = {Visual Interpretation of Hand Gestures for Human-Computer Interaction: A Review},
Volume = {19},
Year = {1997}}

@inbook{kendon86,
  title={Current issue in the study of gesture},
  booktitle={The biological foundations of gestures: motor and semiotic aspects},
  publisher={Lawrrence Erlbaum Assoc.},
  year={1986},
  editor={Nespoulous, J.-L., Peron, P., and Lecours, A. R.},
  author={Kendon, A.}
}

@inbook{Mcneil82,
  title={Conceptual representations in language activity and gesture},
  booktitle={Speech, place and action: studies in deixis and related topics},
  publisher={Wiley},
  author={McNeil, D. and Levy, E.},
  editor={Jarvella, J. and Klein, W.},
  year={1982}
}

@inproceedings{sharma00,
  title={Exploiting speech/gesture co-occurrence for improving continuous gesture recognition in weather narration},
  author={Sharma, Rajeev and Cai, Jiongyu and Chakravarthy, Srivat and Poddar, Indrajit and Sethi, Yogesh},
  booktitle={Automatic Face and Gesture Recognition, 2000. Proceedings. Fourth IEEE International Conference on},
  pages={422--427},
  year={2000},
  organization={IEEE}
}

@inproceedings{Kim12,
 author = {Kim, David and Hilliges, Otmar and Izadi, Shahram and Butler, Alex D. and Chen, Jiawen and Oikonomidis, Iason and Olivier, Patrick},
 title = {Digits: freehand 3D interactions anywhere using a wrist-worn gloveless sensor},
 booktitle = {Proceedings of the 25th annual ACM symposium on User interface software and technology},
 series = {UIST '12},
 year = {2012},
 pages = {167--176},
}
 
@inproceedings{Madhvanath12,
 author = {Madhvanath, Sriganesh and Vennelakanti, Ramadevi and Subramanian, Anbumani and Shekhawat, Ankit and Dey, Prasenjit and Rajan, Amit},
 title = {Designing multiuser multimodal gestural interactions for the living room},
 booktitle = {Proceedings of the 14th ACM international conference on Multimodal interaction},
 series = {ICMI '12},
 year = {2012},
 pages = {61--62},
} 

@phdthesis{murphy02,
  title={Dynamic bayesian networks: representation, inference and learning},
  author={Murphy, K.P.},
  year={2002},
  school={University of California}
}



